<?xml version="1.0" encoding="UTF-8"?><collection xmlns="http://www.loc.gov/MARC21/slim"><record><leader>00645nam--2200205-i-4500</leader><controlfield tag="001">000041521</controlfield><controlfield tag="002">20161230</controlfield><controlfield tag="005">20161230201043</controlfield><controlfield tag="008">060222s1000------------r-----000-0-eng-d</controlfield><datafield ind1=" " ind2=" " tag="020"><subfield code="a">1859961002</subfield></datafield><datafield ind1=" " ind2=" " tag="040"><subfield code="a">IFIN-HH</subfield></datafield><datafield ind1=" " ind2=" " tag="080"><subfield code="a">536.72(06)</subfield></datafield><datafield ind1="1" ind2=" " tag="100"><subfield code="a">Brooks, S.A</subfield></datafield><datafield ind1="1" ind2="0" tag="245"><subfield code="a">Lectin histochemistry a concis practical handbook</subfield><subfield code="b">Microscopy handbooks 36</subfield><subfield code="c">S.a brooks, a.j.c. leathem, u. schumacher</subfield></datafield><datafield ind1=" " ind2=" " tag="260"><subfield code="a">Oxford</subfield><subfield code="b">Bios Scientific Publishing Limited</subfield><subfield code="c">1997</subfield></datafield><datafield ind1=" " ind2=" " tag="300"><subfield code="a">177P</subfield></datafield><datafield ind1=" " ind2=" " tag="490"><subfield code="a">Royal Microscopical Society Microscopy Handbooks 36</subfield></datafield><datafield ind1="1" ind2=" " tag="700"><subfield code="a">Schumacher, V</subfield></datafield><datafield ind1=" " ind2=" " tag="852"><subfield code="a">81205</subfield><subfield code="c">537.533.35</subfield></datafield><datafield ind1=" " ind2=" " tag="CAT"><subfield code="a">Sys</subfield><subfield code="c">20110916</subfield><subfield code="h">095828</subfield></datafield></record></collection>